@article{zhao2023ompl,
  title     = {{OMPL}-{SBL} Algorithm for Intelligent Reflecting Surface-Aided {mmWave} Channel Estimation},
  author    = {Zhao, Wuqiong and You, You and Zhang, Li and You, Xiaohu and Zhang, Chuan},
  journal   = IEEE_J_VT,
  volume    = {72},
  number    = {11},
  pages     = {15121--15126},
  year      = {2023},
  month     = nov,
  publisher = {IEEE}
}
